
<!--264-->
<record>
  <leader>00713nam a2200241 a 4500</leader>
  <datafield tag="999" ind1=" " ind2=" ">
    <subfield code="c">30685</subfield>
    <subfield code="d">30685</subfield>
  </datafield>
  <controlfield tag="003">BR-MnINPA</controlfield>
  <controlfield tag="005">20181017135329.0</controlfield>
  <controlfield tag="008">840827s1983    bl a     b    000 0 por  </controlfield>
  <datafield tag="010" ind1=" " ind2=" ">
    <subfield code="a">   84110432 </subfield>
  </datafield>
  <datafield tag="020" ind1=" " ind2=" ">
    <subfield code="c">Cr$1,750.00</subfield>
  </datafield>
  <datafield tag="040" ind1=" " ind2=" ">
    <subfield code="a">DLC</subfield>
    <subfield code="c">DLC</subfield>
    <subfield code="d">DLC</subfield>
  </datafield>
  <datafield tag="043" ind1=" " ind2=" ">
    <subfield code="a">s-bl---</subfield>
  </datafield>
  <datafield tag="050" ind1="0" ind2="0">
    <subfield code="a">Z769.A1</subfield>
    <subfield code="b">G65 1983</subfield>
  </datafield>
  <datafield tag="082" ind1="0" ind2="0">
    <subfield code="a">027.081</subfield>
    <subfield code="2">19</subfield>
  </datafield>
  <datafield tag="090" ind1=" " ind2=" ">
    <subfield code="a">027.081</subfield>
    <subfield code="b">G633b</subfield>
  </datafield>
  <datafield tag="100" ind1="1" ind2=" ">
    <subfield code="a">Gomes, Sônia de Conti.</subfield>
  </datafield>
  <datafield tag="245" ind1="1" ind2="0">
    <subfield code="a">Bibliotecas e sociedade na Primeira República /</subfield>
    <subfield code="c">Sônia de Conti Gomes . - </subfield>
  </datafield>
  <datafield tag="260" ind1=" " ind2=" ">
    <subfield code="a">São Paulo :</subfield>
    <subfield code="b">Livraria Pioneira Editora,</subfield>
    <subfield code="c">1983.</subfield>
  </datafield>
  <datafield tag="300" ind1=" " ind2=" ">
    <subfield code="a">100 p. </subfield>
    <subfield code="b">ill. ;</subfield>
    <subfield code="c">22 cm.</subfield>
  </datafield>
  <datafield tag="650" ind1=" " ind2="0">
    <subfield code="a">Biblioteca</subfield>
    <subfield code="9">6048</subfield>
  </datafield>
  <datafield tag="906" ind1=" " ind2=" ">
    <subfield code="a">7</subfield>
    <subfield code="b">cbc</subfield>
    <subfield code="c">orignew</subfield>
    <subfield code="d">4</subfield>
    <subfield code="e">ncip</subfield>
    <subfield code="f">19</subfield>
    <subfield code="g">y-gencatlg</subfield>
  </datafield>
  <datafield tag="942" ind1=" " ind2=" ">
    <subfield code="2">ddc</subfield>
    <subfield code="c">L</subfield>
  </datafield>
  <datafield tag="952" ind1=" " ind2=" ">
    <subfield code="0">0</subfield>
    <subfield code="1">0</subfield>
    <subfield code="2">ddc</subfield>
    <subfield code="4">0</subfield>
    <subfield code="6">027_081000000000000_G633B</subfield>
    <subfield code="7">0</subfield>
    <subfield code="8">G</subfield>
    <subfield code="9">39158</subfield>
    <subfield code="a">sdin</subfield>
    <subfield code="b">sdin</subfield>
    <subfield code="d">2018-10-17</subfield>
    <subfield code="l">0</subfield>
    <subfield code="o">027.081 G633b</subfield>
    <subfield code="p">2018-1875</subfield>
    <subfield code="r">2018-10-17</subfield>
    <subfield code="w">2018-10-17</subfield>
    <subfield code="y">L</subfield>
  </datafield>
</record>