
<!--266-->
<record>
  <leader>00470nam a2200157Ia 4500</leader>
  <controlfield tag="003">BR-MnINPA</controlfield>
  <controlfield tag="005">20160816090113.0</controlfield>
  <controlfield tag="008">160801s9999    xx            000 0 por d</controlfield>
  <datafield tag="082" ind1=" " ind2=" ">
    <subfield code="a">027.8</subfield>
    <subfield code="2">19</subfield>
  </datafield>
  <datafield tag="090" ind1=" " ind2=" ">
    <subfield code="a">027.8</subfield>
    <subfield code="b">P957</subfield>
  </datafield>
  <datafield tag="100" ind1=" " ind2=" ">
    <subfield code="a">Suely de Souza Costa, Ângela Panzu</subfield>
  </datafield>
  <datafield tag="245" ind1=" " ind2=" ">
    <subfield code="a">Princípios básicos de organização de bibliotecas e de acesso à informação digital</subfield>
  </datafield>
  <datafield tag="260" ind1=" " ind2=" ">
    <subfield code="b">[s.n.]</subfield>
    <subfield code="c">2012</subfield>
  </datafield>
  <datafield tag="650" ind1=" " ind2=" ">
    <subfield code="a">Biblioteca digital; Informação digital</subfield>
  </datafield>
  <datafield tag="942" ind1=" " ind2=" ">
    <subfield code="c">L</subfield>
  </datafield>
  <datafield tag="999" ind1=" " ind2=" ">
    <subfield code="c">845</subfield>
    <subfield code="d">845</subfield>
  </datafield>
  <datafield tag="952" ind1=" " ind2=" ">
    <subfield code="0">0</subfield>
    <subfield code="1">0</subfield>
    <subfield code="2">ddc</subfield>
    <subfield code="4">0</subfield>
    <subfield code="6">027_800000000000000_P957</subfield>
    <subfield code="7">0</subfield>
    <subfield code="9">24243</subfield>
    <subfield code="a">sdin</subfield>
    <subfield code="b">sdin</subfield>
    <subfield code="d">2016-11-25</subfield>
    <subfield code="l">0</subfield>
    <subfield code="o">027.8 P957</subfield>
    <subfield code="p">14-0111</subfield>
    <subfield code="r">2016-11-25</subfield>
    <subfield code="w">2016-11-25</subfield>
    <subfield code="y">L</subfield>
  </datafield>
</record>