

<record>
  <leader>00637nam a2200169   4500</leader>
  <controlfield tag="001">BIBLIOPAC-010397</controlfield>
  <controlfield tag="008">140409s2014    bl     f     0000 0 ger  </controlfield>
  <datafield tag="082" ind1="1" ind2=" ">
    <subfield code="a">063</subfield>
  </datafield>
  <datafield tag="090" ind1=" " ind2=" ">
    <subfield code="a">063</subfield>
    <subfield code="b">V465b</subfield>
  </datafield>
  <datafield tag="100" ind1="1" ind2=" ">
    <subfield code="a">Vent, Walter.</subfield>
  </datafield>
  <datafield tag="245" ind1="1" ind2="0">
    <subfield code="a">Beiträge zu prizipien und problemen der systematik und evolutionsforschung aus dem Museum für Naturkunde der Humboldt-Univertät zu Berlin / </subfield>
    <subfield code="c">Walter Vent.</subfield>
  </datafield>
  <datafield tag="260" ind1=" " ind2=" ">
    <subfield code="a">Berlin :  </subfield>
    <subfield code="b">Humboldt - Universität zu Berlin, </subfield>
    <subfield code="c">[s.d.]</subfield>
  </datafield>
  <datafield tag="300" ind1=" " ind2=" ">
    <subfield code="a">144p. :</subfield>
    <subfield code="b">il.</subfield>
  </datafield>
  <datafield tag="650" ind1=" " ind2="4">
    <subfield code="a">Museu de História Natural da Humboldt</subfield>
    <subfield code="z">Berlin.</subfield>
  </datafield>
  <datafield tag="650" ind1=" " ind2="4">
    <subfield code="a">Princípios e problemas</subfield>
    <subfield code="x">Pesquisa evolucionária.</subfield>
  </datafield>
  <datafield tag="942" ind1=" " ind2=" ">
    <subfield code="c">L</subfield>
  </datafield>
  <datafield tag="999" ind1=" " ind2=" ">
    <subfield code="c">17107</subfield>
    <subfield code="d">17107</subfield>
  </datafield>
  <datafield tag="952" ind1=" " ind2=" ">
    <subfield code="0">0</subfield>
    <subfield code="1">0</subfield>
    <subfield code="4">0</subfield>
    <subfield code="6">063_000000000000000_V464B</subfield>
    <subfield code="7">1</subfield>
    <subfield code="8">G</subfield>
    <subfield code="9">23249</subfield>
    <subfield code="a">sdin</subfield>
    <subfield code="b">sdin</subfield>
    <subfield code="d">2016-11-23</subfield>
    <subfield code="l">0</subfield>
    <subfield code="o">063 V464b</subfield>
    <subfield code="p">91-0892</subfield>
    <subfield code="r">2016-11-23</subfield>
    <subfield code="w">2016-11-23</subfield>
    <subfield code="y">L</subfield>
  </datafield>
</record>