

<record>
  <leader>00824nam a2200253 a 4500</leader>
  <controlfield tag="003">BR-MnINPA</controlfield>
  <controlfield tag="005">20161128171519.0</controlfield>
  <controlfield tag="008">141029s||||     bl|||||||||||||||||por|u</controlfield>
  <datafield tag="082" ind1=" " ind2=" ">
    <subfield code="a">069</subfield>
    <subfield code="2">19</subfield>
  </datafield>
  <datafield tag="090" ind1=" " ind2=" ">
    <subfield code="a">069</subfield>
    <subfield code="b">L975f</subfield>
  </datafield>
  <datafield tag="100" ind1=" " ind2=" ">
    <subfield code="a">Lutz, Bertha Maria Júlia</subfield>
  </datafield>
  <datafield tag="245" ind1=" " ind2=" ">
    <subfield code="a">A função educativa dos museus /</subfield>
    <subfield code="c">Bertha Maria Júlia Lutz; organizadores Guilherme Gantois de miranda ... [et al].</subfield>
  </datafield>
  <datafield tag="260" ind1=" " ind2=" ">
    <subfield code="a">Rio de Janeiro:</subfield>
    <subfield code="b">Museu Nacional,</subfield>
    <subfield code="c">2008.</subfield>
  </datafield>
  <datafield tag="300" ind1=" " ind2=" ">
    <subfield code="a">236 p. :</subfield>
    <subfield code="b">il.</subfield>
  </datafield>
  <datafield tag="500" ind1=" " ind2=" ">
    <subfield code="a">Bibliografia.</subfield>
  </datafield>
  <datafield tag="650" ind1=" " ind2=" ">
    <subfield code="a">Museus</subfield>
    <subfield code="x">Educação.</subfield>
  </datafield>
  <datafield tag="650" ind1=" " ind2=" ">
    <subfield code="a">Museu Nacional.</subfield>
  </datafield>
  <datafield tag="700" ind1=" " ind2=" ">
    <subfield code="a">Miranda, Guilherme Gantois de Miranda</subfield>
  </datafield>
  <datafield tag="700" ind1=" " ind2=" ">
    <subfield code="a">Santos, Maria José Veloso da Costa</subfield>
  </datafield>
  <datafield tag="700" ind1=" " ind2=" ">
    <subfield code="a">Estevão, Silvía Ninita de moura</subfield>
  </datafield>
  <datafield tag="700" ind1=" " ind2=" ">
    <subfield code="a">Fonseca, Vitor Manoel Marques da</subfield>
  </datafield>
  <datafield tag="710" ind1=" " ind2=" ">
    <subfield code="a">Museu Nacional.</subfield>
  </datafield>
  <datafield tag="942" ind1=" " ind2=" ">
    <subfield code="c">L</subfield>
  </datafield>
  <datafield tag="999" ind1=" " ind2=" ">
    <subfield code="c">17962</subfield>
    <subfield code="d">17962</subfield>
  </datafield>
  <datafield tag="952" ind1=" " ind2=" ">
    <subfield code="0">0</subfield>
    <subfield code="1">0</subfield>
    <subfield code="2">ddc</subfield>
    <subfield code="4">0</subfield>
    <subfield code="6">069_000000000000000_L975F</subfield>
    <subfield code="7">0</subfield>
    <subfield code="8">G</subfield>
    <subfield code="9">24245</subfield>
    <subfield code="a">sdin</subfield>
    <subfield code="b">sdin</subfield>
    <subfield code="d">2016-11-28</subfield>
    <subfield code="l">0</subfield>
    <subfield code="o">069 L975f</subfield>
    <subfield code="p">09-0587</subfield>
    <subfield code="r">2016-11-28</subfield>
    <subfield code="w">2016-11-28</subfield>
    <subfield code="y">L</subfield>
  </datafield>
</record>