

<record>
  <leader>00879nam a2200253   4500</leader>
  <datafield tag="999" ind1=" " ind2=" ">
    <subfield code="c">8443</subfield>
    <subfield code="d">8443</subfield>
  </datafield>
  <controlfield tag="003">BR-MnINPA</controlfield>
  <controlfield tag="005">20180920135612.0</controlfield>
  <controlfield tag="008">030701s1988    bl     f      000 0 por  </controlfield>
  <datafield tag="020" ind1=" " ind2=" ">
    <subfield code="a">8570191715</subfield>
  </datafield>
  <datafield tag="082" ind1="1" ind2=" ">
    <subfield code="a">069.09811</subfield>
    <subfield code="2">19</subfield>
  </datafield>
  <datafield tag="090" ind1=" " ind2=" ">
    <subfield code="a">069.09811</subfield>
    <subfield code="b">M986m</subfield>
  </datafield>
  <datafield tag="110" ind1="2" ind2=" ">
    <subfield code="a">Museu do Homem do Norte (Manaus, AM)</subfield>
  </datafield>
  <datafield tag="245" ind1="0" ind2="0">
    <subfield code="a">Museu do homem do norte : </subfield>
    <subfield code="b">catálogo. -</subfield>
  </datafield>
  <datafield tag="260" ind1=" " ind2=" ">
    <subfield code="a">Recife : </subfield>
    <subfield code="b">Fundação Joaquim Nabuco : </subfield>
  </datafield>
  <datafield tag="260" ind1=" " ind2=" ">
    <subfield code="b">Editora Massangana, </subfield>
    <subfield code="c">1988.</subfield>
  </datafield>
  <datafield tag="300" ind1=" " ind2=" ">
    <subfield code="a">111 p.  : </subfield>
    <subfield code="b">il.</subfield>
  </datafield>
  <datafield tag="490" ind1="0" ind2=" ">
    <subfield code="a">Série Obras de consulta ; </subfield>
    <subfield code="v">8</subfield>
  </datafield>
  <datafield tag="500" ind1=" " ind2=" ">
    <subfield code="a">Acima do título: Fundação Joaquim Nabuco, Superintendência da Amazônia.</subfield>
  </datafield>
  <datafield tag="610" ind1="2" ind2="4">
    <subfield code="a">Museu do Homem do Norte (Manaus, AM)</subfield>
  </datafield>
  <datafield tag="650" ind1=" " ind2="0">
    <subfield code="a">Etnologia</subfield>
    <subfield code="z">Brasil, Norte</subfield>
    <subfield code="v">Catálogos.</subfield>
  </datafield>
  <datafield tag="650" ind1=" " ind2="0">
    <subfield code="a">Índios</subfield>
    <subfield code="x">Cultura material</subfield>
    <subfield code="z">Brasil, Norte</subfield>
    <subfield code="v">Catálogos.</subfield>
  </datafield>
  <datafield tag="651" ind1=" " ind2="4">
    <subfield code="a">Brasil, Norte</subfield>
    <subfield code="x">Vida social e costumes.</subfield>
  </datafield>
  <datafield tag="942" ind1=" " ind2=" ">
    <subfield code="c">L</subfield>
  </datafield>
  <datafield tag="952" ind1=" " ind2=" ">
    <subfield code="0">0</subfield>
    <subfield code="1">0</subfield>
    <subfield code="2">ddc</subfield>
    <subfield code="4">0</subfield>
    <subfield code="6">AM_069_098110000000000_M986M</subfield>
    <subfield code="7">0</subfield>
    <subfield code="8">AM</subfield>
    <subfield code="9">10942</subfield>
    <subfield code="a">sdin</subfield>
    <subfield code="b">sdin</subfield>
    <subfield code="d">2016-11-23</subfield>
    <subfield code="l">0</subfield>
    <subfield code="o">AM 069.09811 M986m</subfield>
    <subfield code="p">02-1525</subfield>
    <subfield code="r">2016-11-23</subfield>
    <subfield code="w">2016-11-23</subfield>
    <subfield code="y">L</subfield>
  </datafield>
  <datafield tag="952" ind1=" " ind2=" ">
    <subfield code="0">0</subfield>
    <subfield code="1">0</subfield>
    <subfield code="2">ddc</subfield>
    <subfield code="4">0</subfield>
    <subfield code="6">AM_069_098110000000000_M986M</subfield>
    <subfield code="7">0</subfield>
    <subfield code="8">AM</subfield>
    <subfield code="9">38953</subfield>
    <subfield code="a">sdin</subfield>
    <subfield code="b">sdin</subfield>
    <subfield code="d">2018-09-20</subfield>
    <subfield code="l">0</subfield>
    <subfield code="o">AM 069.09811 M986m</subfield>
    <subfield code="p">02-1526</subfield>
    <subfield code="r">2018-09-20</subfield>
    <subfield code="w">2018-09-20</subfield>
    <subfield code="y">L</subfield>
  </datafield>
</record>