

<record>
  <leader>00921nam a2200217   4500</leader>
  <controlfield tag="001">BIBLIOPAC-009731</controlfield>
  <controlfield tag="005">20161123142732.0</controlfield>
  <controlfield tag="008">120724s2006    bl a   fr    0000 0 por  </controlfield>
  <datafield tag="020" ind1=" " ind2=" ">
    <subfield code="a">85-87945-86-6</subfield>
  </datafield>
  <datafield tag="082" ind1="1" ind2=" ">
    <subfield code="a">069.098115</subfield>
  </datafield>
  <datafield tag="090" ind1=" " ind2=" ">
    <subfield code="a">069.098115</subfield>
    <subfield code="b">C932o</subfield>
  </datafield>
  <datafield tag="100" ind1="1" ind2=" ">
    <subfield code="a">Crispino, Luís Carlos Bassalo, </subfield>
    <subfield code="d">1971-</subfield>
  </datafield>
  <datafield tag="245" ind1="1" ind2="3">
    <subfield code="a">As origens do Museu Paraense Emílio Goeldi: </subfield>
    <subfield code="b">aspectos históricos e iconográficos (1860-1921) / </subfield>
    <subfield code="c">Luís Carlos Bassalo Crispino, organização, pesquisa e textos; Vera Burlamaqui Bastos, organização; Peter Mann de Toledo, organização e apresentação. </subfield>
  </datafield>
  <datafield tag="260" ind1=" " ind2=" ">
    <subfield code="b">Paka-Tatu, </subfield>
    <subfield code="c">2006.</subfield>
    <subfield code="a">Manaus : </subfield>
  </datafield>
  <datafield tag="300" ind1=" " ind2=" ">
    <subfield code="a">413 p. : </subfield>
    <subfield code="b">il. (algumas color.)</subfield>
  </datafield>
  <datafield tag="504" ind1=" " ind2=" ">
    <subfield code="a">Notas e referências bibliográficas: p. 317-413.</subfield>
  </datafield>
  <datafield tag="610" ind1="2" ind2="4">
    <subfield code="a">Museu Paraense Emílio Goeldi</subfield>
    <subfield code="x">História.</subfield>
  </datafield>
  <datafield tag="700" ind1="1" ind2=" ">
    <subfield code="a">Bastos, Vera Burlamaqui, </subfield>
    <subfield code="d">1946-</subfield>
  </datafield>
  <datafield tag="700" ind1="1" ind2=" ">
    <subfield code="a">Toledo, Peter Mann de, </subfield>
    <subfield code="d">1962-</subfield>
  </datafield>
  <datafield tag="942" ind1=" " ind2=" ">
    <subfield code="c">L</subfield>
  </datafield>
  <datafield tag="999" ind1=" " ind2=" ">
    <subfield code="c">16454</subfield>
    <subfield code="d">16454</subfield>
  </datafield>
  <datafield tag="952" ind1=" " ind2=" ">
    <subfield code="0">0</subfield>
    <subfield code="1">0</subfield>
    <subfield code="4">0</subfield>
    <subfield code="6">AM_069_098115000000000_C932O</subfield>
    <subfield code="7">0</subfield>
    <subfield code="8">AM</subfield>
    <subfield code="9">22425</subfield>
    <subfield code="a">sdin</subfield>
    <subfield code="b">sdin</subfield>
    <subfield code="d">2016-11-23</subfield>
    <subfield code="l">0</subfield>
    <subfield code="o">AM 069.098115 C932o</subfield>
    <subfield code="p">12-0426</subfield>
    <subfield code="r">2016-11-23</subfield>
    <subfield code="w">2016-11-23</subfield>
    <subfield code="y">L</subfield>
  </datafield>
</record>