

<record>
  <leader>00466nam a2200157   4500</leader>
  <controlfield tag="001">BIBLIOPAC-009513</controlfield>
  <controlfield tag="005">20161123142706.0</controlfield>
  <controlfield tag="008">110207s2009    bl a   fr    0000 0 por  </controlfield>
  <datafield tag="082" ind1="1" ind2=" ">
    <subfield code="a">069.098115</subfield>
  </datafield>
  <datafield tag="090" ind1=" " ind2=" ">
    <subfield code="a">069.098115</subfield>
    <subfield code="b">M986</subfield>
  </datafield>
  <datafield tag="110" ind1="2" ind2=" ">
    <subfield code="a">Museu Paraense Emílio Goeldi</subfield>
  </datafield>
  <datafield tag="245" ind1="1" ind2="0">
    <subfield code="a">Museu Paraense Emílio Goeldi : </subfield>
    <subfield code="b">o museu da Amazônia / </subfield>
    <subfield code="c">MPEG. </subfield>
  </datafield>
  <datafield tag="260" ind1=" " ind2=" ">
    <subfield code="a">Belém, PA : </subfield>
    <subfield code="b">MPEG, </subfield>
    <subfield code="c">[2009].</subfield>
  </datafield>
  <datafield tag="610" ind1="2" ind2="4">
    <subfield code="a">Museu Paraense Emílio Goeldi.</subfield>
  </datafield>
  <datafield tag="942" ind1=" " ind2=" ">
    <subfield code="c">L</subfield>
  </datafield>
  <datafield tag="999" ind1=" " ind2=" ">
    <subfield code="c">16259</subfield>
    <subfield code="d">16259</subfield>
  </datafield>
  <datafield tag="952" ind1=" " ind2=" ">
    <subfield code="0">0</subfield>
    <subfield code="1">0</subfield>
    <subfield code="2">ddc</subfield>
    <subfield code="4">0</subfield>
    <subfield code="6">AM_069_098115000000000_M986</subfield>
    <subfield code="7">0</subfield>
    <subfield code="8">AM</subfield>
    <subfield code="9">22140</subfield>
    <subfield code="a">sdin</subfield>
    <subfield code="b">sdin</subfield>
    <subfield code="d">2016-11-23</subfield>
    <subfield code="l">0</subfield>
    <subfield code="o">AM 069.098115 M986</subfield>
    <subfield code="p">11-0083</subfield>
    <subfield code="r">2016-11-23</subfield>
    <subfield code="w">2016-11-23</subfield>
    <subfield code="y">L</subfield>
  </datafield>
</record>