

<record>
  <leader>00636nam a2200205 a 4500</leader>
  <controlfield tag="001">0002610</controlfield>
  <controlfield tag="005">20161128171414.0</controlfield>
  <controlfield tag="008">141014s||||     bl|||||||||||||||||por|u</controlfield>
  <datafield tag="082" ind1=" " ind2=" ">
    <subfield code="a">069.5</subfield>
  </datafield>
  <datafield tag="090" ind1=" " ind2=" ">
    <subfield code="a">069.5</subfield>
    <subfield code="b">P291</subfield>
  </datafield>
  <datafield tag="245" ind1=" " ind2=" ">
    <subfield code="1">0</subfield>
    <subfield code="a">Past and future heritage in the pipelines corridor :</subfield>
    <subfield code="b">Azerbaijan, Georgia, Turkey. /</subfield>
    <subfield code="c">Paul Michael Taylor... et. al.</subfield>
  </datafield>
  <datafield tag="260" ind1=" " ind2=" ">
    <subfield code="a">Washington :</subfield>
    <subfield code="b">Smithsonian Institution,</subfield>
    <subfield code="c">2012.</subfield>
  </datafield>
  <datafield tag="300" ind1=" " ind2=" ">
    <subfield code="a">239 p. :</subfield>
    <subfield code="b">il. color.</subfield>
  </datafield>
  <datafield tag="504" ind1=" " ind2=" ">
    <subfield code="a">Contém bibliografia.</subfield>
  </datafield>
  <datafield tag="650" ind1=" " ind2=" ">
    <subfield code="4"></subfield>
    <subfield code="a">Arqueologia.</subfield>
  </datafield>
  <datafield tag="651" ind1=" " ind2=" ">
    <subfield code="4"></subfield>
    <subfield code="a">Azerbaijão.</subfield>
  </datafield>
  <datafield tag="651" ind1=" " ind2=" ">
    <subfield code="4"></subfield>
    <subfield code="a">Georgia.</subfield>
  </datafield>
  <datafield tag="651" ind1=" " ind2=" ">
    <subfield code="4"></subfield>
    <subfield code="a">Turquia.</subfield>
  </datafield>
  <datafield tag="700" ind1=" " ind2=" ">
    <subfield code="1"></subfield>
    <subfield code="a">Taylor, Paul Michael.</subfield>
  </datafield>
  <datafield tag="999" ind1=" " ind2=" ">
    <subfield code="c">17963</subfield>
    <subfield code="d">17963</subfield>
  </datafield>
  <datafield tag="952" ind1=" " ind2=" ">
    <subfield code="0">0</subfield>
    <subfield code="1">0</subfield>
    <subfield code="2">ddc</subfield>
    <subfield code="4">0</subfield>
    <subfield code="6">069_500000000000000_P291</subfield>
    <subfield code="7">0</subfield>
    <subfield code="8">G</subfield>
    <subfield code="9">24246</subfield>
    <subfield code="a">sdin</subfield>
    <subfield code="b">sdin</subfield>
    <subfield code="d">2016-11-28</subfield>
    <subfield code="l">0</subfield>
    <subfield code="o">069.5 P291</subfield>
    <subfield code="p">14-0416</subfield>
    <subfield code="r">2016-11-28</subfield>
    <subfield code="w">2016-11-28</subfield>
    <subfield code="y">L</subfield>
  </datafield>
</record>