

<record>
  <leader>00776nam a22003017a 4500</leader>
  <datafield tag="999" ind1=" " ind2=" ">
    <subfield code="c">30583</subfield>
    <subfield code="d">30583</subfield>
  </datafield>
  <controlfield tag="003">BR-MnINPA</controlfield>
  <controlfield tag="005">20180920141021.0</controlfield>
  <controlfield tag="008">081201c1990    xx   o     po po por</controlfield>
  <datafield tag="016" ind1=" " ind2=" ">
    <subfield code="a">0000491667</subfield>
    <subfield code="2">BR-RjBN</subfield>
  </datafield>
  <datafield tag="022" ind1=" " ind2=" ">
    <subfield code="a">0103-7293</subfield>
  </datafield>
  <datafield tag="040" ind1=" " ind2=" ">
    <subfield code="a">BR-RjBN</subfield>
    <subfield code="b">por</subfield>
    <subfield code="c">BR-RjBN</subfield>
  </datafield>
  <datafield tag="044" ind1=" " ind2=" ">
    <subfield code="a">xx</subfield>
  </datafield>
  <datafield tag="082" ind1=" " ind2=" ">
    <subfield code="2">19</subfield>
    <subfield code="a">069.9</subfield>
  </datafield>
  <datafield tag="090" ind1=" " ind2=" ">
    <subfield code="a">069.9</subfield>
    <subfield code="b">B688</subfield>
  </datafield>
  <datafield tag="245" ind1="0" ind2="0">
    <subfield code="a">Boletim do Museu Integrado de Roraima</subfield>
  </datafield>
  <datafield tag="260" ind1=" " ind2=" ">
    <subfield code="a">Boa Vista:</subfield>
    <subfield code="b">O Museu,</subfield>
    <subfield code="c">1990-</subfield>
  </datafield>
  <datafield tag="310" ind1=" " ind2=" ">
    <subfield code="a">Trimestral</subfield>
  </datafield>
  <datafield tag="500" ind1=" " ind2=" ">
    <subfield code="a">Trimestral</subfield>
  </datafield>
  <datafield tag="500" ind1=" " ind2=" ">
    <subfield code="a">Resumos em portugues e ingles</subfield>
  </datafield>
  <datafield tag="500" ind1=" " ind2=" ">
    <subfield code="a">Formato varia.</subfield>
  </datafield>
  <datafield tag="541" ind1="1" ind2=" ">
    <subfield code="5">BR-RjBN</subfield>
  </datafield>
  <datafield tag="650" ind1=" " ind2=" ">
    <subfield code="a">História natural.</subfield>
  </datafield>
  <datafield tag="650" ind1=" " ind2=" ">
    <subfield code="a">Antropologia.</subfield>
  </datafield>
  <datafield tag="650" ind1=" " ind2=" ">
    <subfield code="a">Ciência.</subfield>
    <subfield code="z">Amazônia</subfield>
  </datafield>
  <datafield tag="710" ind1=" " ind2=" ">
    <subfield code="a">Museu Integrado de Roraima.</subfield>
  </datafield>
  <datafield tag="942" ind1=" " ind2=" ">
    <subfield code="2">ddc</subfield>
    <subfield code="c">L</subfield>
  </datafield>
  <datafield tag="990" ind1=" " ind2=" ">
    <subfield code="a">Periódico</subfield>
  </datafield>
  <datafield tag="952" ind1=" " ind2=" ">
    <subfield code="0">0</subfield>
    <subfield code="1">0</subfield>
    <subfield code="2">ddc</subfield>
    <subfield code="4">0</subfield>
    <subfield code="6">AM_069_900000000000000_B688</subfield>
    <subfield code="7">0</subfield>
    <subfield code="8">AM</subfield>
    <subfield code="9">38954</subfield>
    <subfield code="a">sdin</subfield>
    <subfield code="b">sdin</subfield>
    <subfield code="d">2018-09-20</subfield>
    <subfield code="l">0</subfield>
    <subfield code="o">AM 069.9 B688</subfield>
    <subfield code="p">2018-1779</subfield>
    <subfield code="r">2018-09-20</subfield>
    <subfield code="w">2018-09-20</subfield>
    <subfield code="y">L</subfield>
  </datafield>
</record>