

<record>
  <leader>00839nam a22002657a 4500</leader>
  <datafield tag="999" ind1=" " ind2=" ">
    <subfield code="c">30584</subfield>
    <subfield code="d">30584</subfield>
  </datafield>
  <controlfield tag="003">BR-MnINPA</controlfield>
  <controlfield tag="005">20180920141728.0</controlfield>
  <controlfield tag="008">971208s1997    paba     c    000 0 por d</controlfield>
  <datafield tag="035" ind1=" " ind2=" ">
    <subfield code="a">99120913111210059</subfield>
  </datafield>
  <datafield tag="040" ind1=" " ind2=" ">
    <subfield code="a">Br</subfield>
    <subfield code="b">por</subfield>
  </datafield>
  <datafield tag="043" ind1=" " ind2=" ">
    <subfield code="a">s-bl-pa</subfield>
  </datafield>
  <datafield tag="082" ind1="0" ind2="4">
    <subfield code="2">19</subfield>
    <subfield code="a">069.6910</subfield>
  </datafield>
  <datafield tag="090" ind1=" " ind2=" ">
    <subfield code="a">069.6910</subfield>
    <subfield code="b">M986</subfield>
  </datafield>
  <datafield tag="092" ind1=" " ind2=" ">
    <subfield code="a">I-414,7,6</subfield>
  </datafield>
  <datafield tag="110" ind1="2" ind2=" ">
    <subfield code="a">Museu da Santa Casa (PA)</subfield>
  </datafield>
  <datafield tag="245" ind1="1" ind2="0">
    <subfield code="a">Catálogo do Museu da Santa Casa,</subfield>
    <subfield code="b">n. 1 /</subfield>
    <subfield code="c">organização e textos Alípio Augusto Barbosa Bordalo ; desenhos João Bento de Souza Neto ; fotografias Studio Paulo Bordalo. -</subfield>
  </datafield>
  <datafield tag="260" ind1=" " ind2=" ">
    <subfield code="a">Belém :</subfield>
    <subfield code="b">O Museu,</subfield>
    <subfield code="c">1997.</subfield>
  </datafield>
  <datafield tag="300" ind1=" " ind2=" ">
    <subfield code="a">102p. :</subfield>
    <subfield code="b">il. ;</subfield>
    <subfield code="c">30cm.</subfield>
  </datafield>
  <datafield tag="610" ind1="2" ind2="4">
    <subfield code="a">Museu da Santa Casa (PA)-</subfield>
  </datafield>
  <datafield tag="700" ind1="1" ind2=" ">
    <subfield code="a">Bordalo, Alípio Augusto Barbosa.</subfield>
  </datafield>
  <datafield tag="852" ind1=" " ind2=" ">
    <subfield code="a">Obras Gerais</subfield>
  </datafield>
  <datafield tag="942" ind1=" " ind2=" ">
    <subfield code="2">ddc</subfield>
    <subfield code="c">L</subfield>
  </datafield>
  <datafield tag="949" ind1=" " ind2=" ">
    <subfield code="a">939.716 DL 11/12/97</subfield>
  </datafield>
  <datafield tag="990" ind1=" " ind2=" ">
    <subfield code="a">Livro</subfield>
  </datafield>
  <datafield tag="952" ind1=" " ind2=" ">
    <subfield code="0">0</subfield>
    <subfield code="1">0</subfield>
    <subfield code="2">ddc</subfield>
    <subfield code="4">0</subfield>
    <subfield code="6">AM_069_691000000000000_M986</subfield>
    <subfield code="7">0</subfield>
    <subfield code="8">AM</subfield>
    <subfield code="9">38955</subfield>
    <subfield code="a">sdin</subfield>
    <subfield code="b">sdin</subfield>
    <subfield code="d">2018-09-20</subfield>
    <subfield code="l">0</subfield>
    <subfield code="o">AM 069.6910 M986</subfield>
    <subfield code="p">98-0665</subfield>
    <subfield code="r">2018-09-20</subfield>
    <subfield code="w">2018-09-20</subfield>
    <subfield code="y">L</subfield>
  </datafield>
</record>