

<record>
  <leader>00801cam a22002657a 4500</leader>
  <datafield tag="999" ind1=" " ind2=" ">
    <subfield code="c">30588</subfield>
    <subfield code="d">30588</subfield>
  </datafield>
  <controlfield tag="003">BR-RjBN</controlfield>
  <controlfield tag="005">20180921154732.0</controlfield>
  <controlfield tag="008">960906s19870000bma           000 0 por u</controlfield>
  <datafield tag="035" ind1=" " ind2=" ">
    <subfield code="a">BNBN001988050</subfield>
  </datafield>
  <datafield tag="040" ind1=" " ind2=" ">
    <subfield code="a">Br</subfield>
    <subfield code="b">por</subfield>
  </datafield>
  <datafield tag="043" ind1=" " ind2=" ">
    <subfield code="a">s-bl-ma</subfield>
  </datafield>
  <datafield tag="082" ind1="0" ind2="4">
    <subfield code="a">070</subfield>
    <subfield code="2">19</subfield>
  </datafield>
  <datafield tag="090" ind1=" " ind2=" ">
    <subfield code="a">070</subfield>
    <subfield code="b">J82</subfield>
  </datafield>
  <datafield tag="092" ind1=" " ind2=" ">
    <subfield code="a">VI-73,1,21</subfield>
  </datafield>
  <datafield tag="100" ind1="1" ind2=" ">
    <subfield code="a">Jorge, Sebastião Barros.</subfield>
  </datafield>
  <datafield tag="245" ind1="1" ind2="0">
    <subfield code="a">Os primeiros passos da imprensa no Maranhao:</subfield>
    <subfield code="b">(1821-1841) /</subfield>
    <subfield code="c">Sebastiao Barros Jorge. -</subfield>
  </datafield>
  <datafield tag="260" ind1=" " ind2=" ">
    <subfield code="a">São Luís :</subfield>
    <subfield code="b">Universidade Federal do Maranhão,</subfield>
    <subfield code="c">1987.</subfield>
  </datafield>
  <datafield tag="300" ind1=" " ind2=" ">
    <subfield code="a">117p. ;</subfield>
    <subfield code="c">22cm. -</subfield>
  </datafield>
  <datafield tag="490" ind1=" " ind2=" ">
    <subfield code="a">(Colecao Ciencias sociais. Serie Comunicacao</subfield>
    <subfield code="v">1)</subfield>
  </datafield>
  <datafield tag="650" ind1="0" ind2="4">
    <subfield code="a">Imprensa-</subfield>
    <subfield code="z">Maranhão-</subfield>
    <subfield code="x">História.</subfield>
  </datafield>
  <datafield tag="710" ind1="1" ind2=" ">
    <subfield code="a">Universidade Federal do Maranhão.</subfield>
  </datafield>
  <datafield tag="852" ind1=" " ind2=" ">
    <subfield code="a">Obras Gerais</subfield>
  </datafield>
  <datafield tag="942" ind1=" " ind2=" ">
    <subfield code="2">ddc</subfield>
    <subfield code="c">L</subfield>
  </datafield>
  <datafield tag="990" ind1=" " ind2=" ">
    <subfield code="a">Livro</subfield>
  </datafield>
  <datafield tag="952" ind1=" " ind2=" ">
    <subfield code="0">0</subfield>
    <subfield code="1">0</subfield>
    <subfield code="2">ddc</subfield>
    <subfield code="4">0</subfield>
    <subfield code="6">070_000000000000000_J82</subfield>
    <subfield code="7">0</subfield>
    <subfield code="8">G</subfield>
    <subfield code="9">38977</subfield>
    <subfield code="a">sdin</subfield>
    <subfield code="b">sdin</subfield>
    <subfield code="d">2018-09-21</subfield>
    <subfield code="l">0</subfield>
    <subfield code="o">070 J82</subfield>
    <subfield code="p">90-0019</subfield>
    <subfield code="r">2018-09-21</subfield>
    <subfield code="w">2018-09-21</subfield>
    <subfield code="y">L</subfield>
  </datafield>
</record>