

<record>
  <leader>00523nam a22001811a 4500</leader>
  <controlfield tag="003">BR-MnINPA</controlfield>
  <controlfield tag="005">20161129102319.0</controlfield>
  <controlfield tag="008">160321s2006    bl |||||||||||||| ||por d</controlfield>
  <datafield tag="020" ind1=" " ind2=" ">
    <subfield code="a">85-359-0869-2</subfield>
  </datafield>
  <datafield tag="082" ind1=" " ind2=" ">
    <subfield code="2">19</subfield>
    <subfield code="a">070.43092</subfield>
  </datafield>
  <datafield tag="090" ind1=" " ind2=" ">
    <subfield code="a">070.43092</subfield>
    <subfield code="b">K87g</subfield>
  </datafield>
  <datafield tag="100" ind1=" " ind2=" ">
    <subfield code="a">Kotscho, Ricardo</subfield>
  </datafield>
  <datafield tag="245" ind1=" " ind2=" ">
    <subfield code="a">Do golpe ao Planalto:</subfield>
    <subfield code="b">uma vida de repórter/</subfield>
    <subfield code="c">Ricardo Kotscho.</subfield>
  </datafield>
  <datafield tag="260" ind1=" " ind2=" ">
    <subfield code="a">São Paulo:</subfield>
    <subfield code="b">Companhia das Letras,</subfield>
    <subfield code="c">2006.</subfield>
  </datafield>
  <datafield tag="300" ind1=" " ind2=" ">
    <subfield code="a">334 p.</subfield>
    <subfield code="b">il.</subfield>
  </datafield>
  <datafield tag="650" ind1=" " ind2="0">
    <subfield code="a">Jornalismo</subfield>
    <subfield code="x">Memórias autobiográficas</subfield>
  </datafield>
  <datafield tag="942" ind1=" " ind2=" ">
    <subfield code="c">L</subfield>
  </datafield>
  <datafield tag="999" ind1=" " ind2=" ">
    <subfield code="c">17970</subfield>
    <subfield code="d">17970</subfield>
  </datafield>
  <datafield tag="952" ind1=" " ind2=" ">
    <subfield code="0">0</subfield>
    <subfield code="1">0</subfield>
    <subfield code="2">ddc</subfield>
    <subfield code="4">0</subfield>
    <subfield code="6">070_430920000000000_K87G</subfield>
    <subfield code="7">0</subfield>
    <subfield code="8">G</subfield>
    <subfield code="9">24255</subfield>
    <subfield code="a">sdin</subfield>
    <subfield code="b">sdin</subfield>
    <subfield code="d">2016-11-29</subfield>
    <subfield code="l">0</subfield>
    <subfield code="o">070.43092 K87g</subfield>
    <subfield code="p">2016-0558</subfield>
    <subfield code="r">2016-11-29</subfield>
    <subfield code="w">2016-11-29</subfield>
    <subfield code="y">L</subfield>
  </datafield>
</record>