

<record>
  <leader>01470nam a2200205   4500</leader>
  <controlfield tag="001">BIBLIOPAC-001970</controlfield>
  <controlfield tag="008">030701s2002    bl     f      000 0 por  </controlfield>
  <datafield tag="082" ind1="1" ind2=" ">
    <subfield code="a">070.4495</subfield>
  </datafield>
  <datafield tag="090" ind1=" " ind2=" ">
    <subfield code="a">070.4495</subfield>
    <subfield code="b">N639i</subfield>
  </datafield>
  <datafield tag="100" ind1="1" ind2=" ">
    <subfield code="a">Nicolau, Ana Carolina Barbosa</subfield>
  </datafield>
  <datafield tag="245" ind1="1" ind2="0">
    <subfield code="a">INPActando na mídia : </subfield>
    <subfield code="b">análise do relacionamento entre o INPA e a mídia local / </subfield>
    <subfield code="c">Ana Carolina Barbosa Nicolau.</subfield>
  </datafield>
  <datafield tag="260" ind1=" " ind2=" ">
    <subfield code="a">Manaus, </subfield>
    <subfield code="c">2002.</subfield>
  </datafield>
  <datafield tag="300" ind1=" " ind2=" ">
    <subfield code="a">90 f. : </subfield>
    <subfield code="b">il.</subfield>
  </datafield>
  <datafield tag="500" ind1=" " ind2=" ">
    <subfield code="a">Trabalho de conclusão de curso.</subfield>
  </datafield>
  <datafield tag="520" ind1=" " ind2=" ">
    <subfield code="a">Este trabalho aborda a visão que os jornalistas da cidade de Manaus têm do Instituto Nacional de Pesquisas da Amazônia - INPA. A autonomia e avaliação institucional é mostrada, neste trabalho, a partir de uma pesquisa que ouviu estes profissionais no meio de comunicação locais com os quais o Instituto se relaciona, com base no mailing list da Divisão de Comunicação Social - DCSO. Um breve estudo sobre o Instituto e sua evolução bem como a revisão da literatura pertinente às relações públicas e assessoria de imprensa servem de referência e balizam a abordagem feita com os jornalistas, além de permitir que sejam retiradas algumas conclusões e recomendações que possam ser utilizadas pela assessoria para aprimorar o processo de divulgação..</subfield>
  </datafield>
  <datafield tag="590" ind1=" " ind2=" ">
    <subfield code="a">Orientador: &lt;Miranda, Laura Jane Bezerra&gt;.</subfield>
  </datafield>
  <datafield tag="650" ind1=" " ind2="0">
    <subfield code="a">Assessoria de imprensa.</subfield>
  </datafield>
  <datafield tag="650" ind1=" " ind2="0">
    <subfield code="a">Instituto Nacional de Pesquisas da Amazônia</subfield>
    <subfield code="x">Relações públicas.</subfield>
  </datafield>
  <datafield tag="942" ind1=" " ind2=" ">
    <subfield code="c">L</subfield>
  </datafield>
  <datafield tag="999" ind1=" " ind2=" ">
    <subfield code="c">8791</subfield>
    <subfield code="d">8791</subfield>
  </datafield>
  <datafield tag="952" ind1=" " ind2=" ">
    <subfield code="0">0</subfield>
    <subfield code="1">0</subfield>
    <subfield code="4">0</subfield>
    <subfield code="6">AM_070_449500000000000_N639I</subfield>
    <subfield code="7">0</subfield>
    <subfield code="8">AM</subfield>
    <subfield code="9">11397</subfield>
    <subfield code="a">sdin</subfield>
    <subfield code="b">sdin</subfield>
    <subfield code="d">2016-11-23</subfield>
    <subfield code="l">0</subfield>
    <subfield code="o">AM 070.4495 N639i</subfield>
    <subfield code="p">03-0451</subfield>
    <subfield code="r">2016-11-23</subfield>
    <subfield code="w">2016-11-23</subfield>
    <subfield code="y">L</subfield>
  </datafield>
</record>