

<record>
  <leader>00597nam a2200193   4500</leader>
  <controlfield tag="001">BIBLIOPAC-009521</controlfield>
  <controlfield tag="005">20161123142707.0</controlfield>
  <controlfield tag="008">110210s2004    bl a   fr    0000 0 por  </controlfield>
  <datafield tag="082" ind1="1" ind2=" ">
    <subfield code="a">027.581</subfield>
  </datafield>
  <datafield tag="090" ind1=" " ind2=" ">
    <subfield code="a">027.581</subfield>
    <subfield code="b">F981</subfield>
  </datafield>
  <datafield tag="110" ind1="2" ind2=" ">
    <subfield code="a">Fundação Biblioteca Nacional (Brasil)</subfield>
  </datafield>
  <datafield tag="245" ind1="1" ind2="0">
    <subfield code="a">Biblioteca Nacional / </subfield>
    <subfield code="c">Fundação Biblioteca Nacional. </subfield>
  </datafield>
  <datafield tag="260" ind1=" " ind2=" ">
    <subfield code="a">São Paulo : </subfield>
    <subfield code="b">Banco Safra, </subfield>
    <subfield code="c">2004.</subfield>
  </datafield>
  <datafield tag="300" ind1=" " ind2=" ">
    <subfield code="a">351 p. : </subfield>
    <subfield code="b">Il. color.</subfield>
  </datafield>
  <datafield tag="610" ind1="2" ind2="4">
    <subfield code="a">Biblioteca Nacional (Brasil)</subfield>
    <subfield code="x">Acervo.</subfield>
  </datafield>
  <datafield tag="610" ind1="2" ind2="4">
    <subfield code="a">Biblioteca Nacional (Brasil)</subfield>
    <subfield code="x">História.</subfield>
  </datafield>
  <datafield tag="650" ind1=" " ind2="4">
    <subfield code="a">Iconografia.</subfield>
  </datafield>
  <datafield tag="942" ind1=" " ind2=" ">
    <subfield code="c">L</subfield>
  </datafield>
  <datafield tag="999" ind1=" " ind2=" ">
    <subfield code="c">16267</subfield>
    <subfield code="d">16267</subfield>
  </datafield>
  <datafield tag="952" ind1=" " ind2=" ">
    <subfield code="0">0</subfield>
    <subfield code="1">0</subfield>
    <subfield code="4">0</subfield>
    <subfield code="6">027_581000000000000_F981</subfield>
    <subfield code="7">0</subfield>
    <subfield code="8">G</subfield>
    <subfield code="9">22150</subfield>
    <subfield code="a">sdin</subfield>
    <subfield code="b">sdin</subfield>
    <subfield code="d">2016-11-23</subfield>
    <subfield code="l">0</subfield>
    <subfield code="o">027.581 F981</subfield>
    <subfield code="p">13-0267</subfield>
    <subfield code="r">2016-11-23</subfield>
    <subfield code="w">2016-11-23</subfield>
    <subfield code="y">L</subfield>
  </datafield>
  <datafield tag="952" ind1=" " ind2=" ">
    <subfield code="0">0</subfield>
    <subfield code="1">0</subfield>
    <subfield code="2">ddc</subfield>
    <subfield code="4">0</subfield>
    <subfield code="6">027_581000000000000_F981</subfield>
    <subfield code="7">0</subfield>
    <subfield code="8">G</subfield>
    <subfield code="9">40381</subfield>
    <subfield code="a">sdin</subfield>
    <subfield code="b">sdin</subfield>
    <subfield code="d">2022-06-24</subfield>
    <subfield code="l">0</subfield>
    <subfield code="o">027.581 F981</subfield>
    <subfield code="p">11-0071</subfield>
    <subfield code="r">2022-06-24</subfield>
    <subfield code="w">2022-06-24</subfield>
    <subfield code="y">L</subfield>
  </datafield>
</record>