

<record>
  <leader>00616nam a2200193 a 4500</leader>
  <controlfield tag="001">0013753</controlfield>
  <controlfield tag="005">20161125154356.0</controlfield>
  <controlfield tag="008">141217s||||     bl|||||||||||||||||por|u</controlfield>
  <datafield tag="020" ind1=" " ind2=" ">
    <subfield code="a">85-7512-233-9</subfield>
  </datafield>
  <datafield tag="082" ind1=" " ind2=" ">
    <subfield code="a">060.98113</subfield>
  </datafield>
  <datafield tag="090" ind1=" " ind2=" ">
    <subfield code="a">060.98113</subfield>
    <subfield code="b">B813p</subfield>
  </datafield>
  <datafield tag="100" ind1="0" ind2=" ">
    <subfield code="a">Braga, Robério</subfield>
    <subfield code="q">Robério Braga</subfield>
  </datafield>
  <datafield tag="245" ind1="1" ind2="0">
    <subfield code="a">Presidentes da academia Amazonense de Letras: </subfield>
    <subfield code="b">1918 - 2006.</subfield>
    <subfield code="c">Robério Braga.</subfield>
  </datafield>
  <datafield tag="260" ind1=" " ind2=" ">
    <subfield code="a">Manaus: </subfield>
    <subfield code="b">Valer, </subfield>
    <subfield code="c">2007.</subfield>
  </datafield>
  <datafield tag="300" ind1=" " ind2=" ">
    <subfield code="a">132p. : </subfield>
    <subfield code="b">il.</subfield>
  </datafield>
  <datafield tag="650" ind1=" " ind2=" ">
    <subfield code="a">Academia Amazonense de Letras</subfield>
    <subfield code="x">História</subfield>
    <subfield code="z">Amazonas.</subfield>
  </datafield>
  <datafield tag="650" ind1=" " ind2=" ">
    <subfield code="a">Presidentes da Academia de Letras.</subfield>
  </datafield>
  <datafield tag="650" ind1=" " ind2=" ">
    <subfield code="a">Autores</subfield>
    <subfield code="z">Amazonenses.</subfield>
  </datafield>
  <datafield tag="999" ind1=" " ind2=" ">
    <subfield code="c">17960</subfield>
    <subfield code="d">17960</subfield>
  </datafield>
  <datafield tag="952" ind1=" " ind2=" ">
    <subfield code="0">0</subfield>
    <subfield code="1">0</subfield>
    <subfield code="2">ddc</subfield>
    <subfield code="4">0</subfield>
    <subfield code="6">060_981130000000000_B813P</subfield>
    <subfield code="7">0</subfield>
    <subfield code="8">G</subfield>
    <subfield code="9">24241</subfield>
    <subfield code="a">sdin</subfield>
    <subfield code="b">sdin</subfield>
    <subfield code="d">2016-11-25</subfield>
    <subfield code="l">0</subfield>
    <subfield code="o">060.98113 B813p</subfield>
    <subfield code="p">2014-140</subfield>
    <subfield code="r">2016-11-25</subfield>
    <subfield code="w">2016-11-25</subfield>
    <subfield code="y">L</subfield>
  </datafield>
</record>

</collection>
